<?xml version="1.0" encoding="UTF-8"?><record xmlns="http://www.loc.gov/MARC21/slim" xmlns:cinclude="http://apache.org/cocoon/include/1.0" xmlns:zs="http://www.loc.gov/zing/srw/">
  <leader>01112cz  a2200241n  4500</leader>
  <controlfield tag="001">n  91088388 </controlfield>
  <controlfield tag="003">DLC</controlfield>
  <controlfield tag="005">20151016073948.0</controlfield>
  <controlfield tag="008">910830n| azannaabn          |a aaa      </controlfield>
  <datafield tag="010" ind1=" " ind2=" ">
    <subfield code="a">n  91088388 </subfield>
  </datafield>
  <datafield tag="035" ind1=" " ind2=" ">
    <subfield code="a">(OCoLC)oca03011923</subfield>
  </datafield>
  <datafield tag="040" ind1=" " ind2=" ">
    <subfield code="a">DLC</subfield>
    <subfield code="b">eng</subfield>
    <subfield code="e">rda</subfield>
    <subfield code="c">DLC</subfield>
    <subfield code="d">DLC</subfield>
    <subfield code="d">NAlfC</subfield>
  </datafield>
  <datafield tag="046" ind1=" " ind2=" ">
    <subfield code="f">1927</subfield>
    <subfield code="g">2014</subfield>
  </datafield>
  <datafield tag="100" ind1="1" ind2=" ">
    <subfield code="a">Schulz, Juergen,</subfield>
    <subfield code="d">1927-2014</subfield>
  </datafield>
  <datafield tag="370" ind1=" " ind2=" ">
    <subfield code="a">Kiel (Germany)</subfield>
    <subfield code="c">United States</subfield>
    <subfield code="e">Providence (R.I.)</subfield>
    <subfield code="2">naf</subfield>
  </datafield>
  <datafield tag="372" ind1=" " ind2=" ">
    <subfield code="a">Painting, Italian--Italy--Venice</subfield>
    <subfield code="2">lcsh</subfield>
  </datafield>
  <datafield tag="374" ind1=" " ind2=" ">
    <subfield code="a">Art historians</subfield>
    <subfield code="2">lcsh</subfield>
  </datafield>
  <datafield tag="375" ind1=" " ind2=" ">
    <subfield code="a">male</subfield>
  </datafield>
  <datafield tag="377" ind1=" " ind2=" ">
    <subfield code="a">eng</subfield>
    <subfield code="a">ita</subfield>
  </datafield>
  <datafield tag="400" ind1="1" ind2=" ">
    <subfield code="w">nnea</subfield>
    <subfield code="a">Schulz, Juergen,</subfield>
    <subfield code="d">1927-</subfield>
  </datafield>
  <datafield tag="670" ind1=" " ind2=" ">
    <subfield code="a">His La cartografia tra scienza e arte, 1990:</subfield>
    <subfield code="b">t.p. (Juergen Schulz)</subfield>
  </datafield>
  <datafield tag="670" ind1=" " ind2=" ">
    <subfield code="a">LC data base, 08-30-91 (hdg.: Schulz, Juergen, 1927-)</subfield>
  </datafield>
  <datafield tag="670" ind1=" " ind2=" ">
    <subfield code="a">Journal of the Society of Architectural Historians, September 2015:</subfield>
    <subfield code="b">In memoriam, pages 281-284 (Juergen Schulz (1927-2014); born in Kiel, Germany, 1927; left Germany in 1938 and had settled by the end of the year in Berkeley; became an American; taught at Brown University from 1968 and transformed the Department of Art; specialized in Venetian painting)</subfield>
  </datafield>
</record>